<record><leader>00000cas a22000007a 4500</leader><controlfield tag="001">16736598</controlfield><controlfield tag="008">870923d19261942ohudn ne      0    0eng d</controlfield><datafield ind1=" " ind2=" " tag="010"><subfield code="a">sn 87075122 </subfield></datafield><datafield ind1=" " ind2=" " tag="040"><subfield code="a">ONP</subfield><subfield code="b">eng</subfield><subfield code="c">ONP</subfield><subfield code="d">OCLCQ</subfield></datafield><datafield ind1=" " ind2=" " tag="042"><subfield code="a">msc</subfield></datafield><datafield ind1="0" ind2="4" tag="245"><subfield code="a">The Ironton evening tribune.</subfield></datafield><datafield ind1="3" ind2="0" tag="246"><subfield code="a">Ironton Sunday tribune</subfield></datafield><datafield ind1=" " ind2=" " tag="260"><subfield code="a">Ironton, Ohio :</subfield><subfield code="b">Tribune Pub. Co.,</subfield><subfield code="c">1926-1942.</subfield></datafield><datafield ind1=" " ind2=" " tag="310"><subfield code="a">Daily (except Sun.)</subfield></datafield><datafield ind1="0" ind2=" " tag="362"><subfield code="a">Vol. 1, no. 1 (Jan. 2, 1926)-v. 16, no. 277 (Oct. 15, 1942).</subfield></datafield><datafield ind1=" " ind2=" " tag="500"><subfield code="a">On Sunday published as: Ironton Sunday tribune.</subfield></datafield><datafield ind1=" " ind2=" " tag="752"><subfield code="a">United States</subfield><subfield code="b">Ohio</subfield><subfield code="c">Lawrence</subfield><subfield code="d">Ironton.</subfield></datafield><datafield ind1="0" ind2="4" tag="780"><subfield code="t">Morning Irontonian</subfield><subfield code="w">(DLC)sn8700075123</subfield></datafield><datafield ind1="0" ind2="4" tag="780"><subfield code="t">Daily register (Ironton, Ohio)</subfield><subfield code="w">(DLC)sn8700075117</subfield></datafield><datafield ind1="0" ind2="0" tag="785"><subfield code="t">Ironton tribune</subfield><subfield code="w">(DLC)sn8700075119</subfield></datafield></record>